<record><leader>00000cas a2200000 a 4500</leader><controlfield tag="001">43519669</controlfield><controlfield tag="008">000224d19992003nmuwr n       0   a0eng c</controlfield><datafield ind1=" " ind2=" " tag="010"><subfield code="a">   00212273 </subfield></datafield><datafield ind1=" " ind2=" " tag="040"><subfield code="a">IQU</subfield><subfield code="b">eng</subfield><subfield code="c">IQU</subfield><subfield code="d">NSD</subfield><subfield code="d">OCL</subfield><subfield code="d">NSD</subfield><subfield code="d">OCLCQ</subfield><subfield code="d">OCLCO</subfield></datafield><datafield ind1=" " ind2=" " tag="012"><subfield code="m">d</subfield></datafield><datafield ind1="1" ind2=" " tag="022"><subfield code="a">1529-0166</subfield><subfield code="l">1529-0166</subfield><subfield code="2">1</subfield></datafield><datafield ind1="1" ind2=" " tag="029"><subfield code="a">AU@</subfield><subfield code="b">000021430329</subfield></datafield><datafield ind1=" " ind2=" " tag="037"><subfield code="b">Journal Publishing Co., 7777 Jefferson Street, NE, Albuguergue, Nm 87109-4343</subfield></datafield><datafield ind1=" " ind2=" " tag="042"><subfield code="a">nsdp</subfield><subfield code="a">pcc</subfield></datafield><datafield ind1=" " ind2=" " tag="043"><subfield code="a">n-us-nm</subfield></datafield><datafield ind1=" " ind2=" " tag="090"><subfield code="a">AN2</subfield><subfield code="b">.M79</subfield></datafield><datafield ind1=" " ind2="0" tag="222"><subfield code="a">Mountain view journal</subfield></datafield><datafield ind1="0" ind2="0" tag="245"><subfield code="a">Mountain view journal :</subfield><subfield code="b">Moriarty, Edgewood, Estancia, Sandia Park, Cedar Crest, Tijeras, Mountainair.</subfield></datafield><datafield ind1=" " ind2=" " tag="260"><subfield code="a">Moriarty, N.M. :</subfield><subfield code="b">Journal Pub. Co.,</subfield><subfield code="c">1999-</subfield></datafield><datafield ind1=" " ind2=" " tag="300"><subfield code="a">v. :</subfield><subfield code="b">ill. ;</subfield><subfield code="c">58 cm.</subfield></datafield><datafield ind1=" " ind2=" " tag="310"><subfield code="a">Weekly</subfield></datafield><datafield ind1=" " ind2=" " tag="580"><subfield code="a">Merged with: East mountain telegraph, to form: Mountain view telegraph.</subfield></datafield><datafield ind1=" " ind2=" " tag="588"><subfield code="a">Description based on: 1st year, no. 12 (Oct. 28, 1999); title from caption.</subfield></datafield><datafield ind1=" " ind2=" " tag="588"><subfield code="a">Latest issue consulted: 1st year, no. 25 (Jan. 27, 2000).</subfield></datafield><datafield ind1=" " ind2="0" tag="651"><subfield code="a">East Mountain Area (Bernalillo County, N.M.)</subfield><subfield code="v">Newspapers.</subfield></datafield><datafield ind1=" " ind2="0" tag="651"><subfield code="a">Moriarty (N.M.)</subfield><subfield code="v">Newspapers.</subfield></datafield><datafield ind1=" " ind2="0" tag="651"><subfield code="a">Edgewood (N.M.)</subfield><subfield code="v">Newspapers.</subfield></datafield><datafield ind1=" " ind2="0" tag="651"><subfield code="a">Estancia (N.M.)</subfield><subfield code="v">Newspapers.</subfield></datafield><datafield ind1=" " ind2="0" tag="651"><subfield code="a">Sandia Park (N.M.)</subfield><subfield code="v">Newspapers.</subfield></datafield><datafield ind1=" " ind2="0" tag="651"><subfield code="a">Cedar Crest (N.M.)</subfield><subfield code="v">Newspapers.</subfield></datafield><datafield ind1=" " ind2=" " tag="752"><subfield code="a">United States</subfield><subfield code="b">New Mexico</subfield><subfield code="c">East Mountain Area (Bernalillo County, N.M.)</subfield><subfield code="d">Moriarty.</subfield></datafield><datafield ind1="1" ind2="7" tag="785"><subfield code="t">East mountain telegraph</subfield><subfield code="w">(DLC)   93061575</subfield></datafield><datafield ind1="1" ind2="7" tag="785"><subfield code="t">Mountain view telegraph</subfield><subfield code="x">1545-9543</subfield><subfield code="w">(DLC)  2003214994</subfield></datafield></record>